<?xml version="1.0" encoding="UTF-8"?><record xmlns="http://www.loc.gov/MARC21/slim" xmlns:cinclude="http://apache.org/cocoon/include/1.0" xmlns:zs="http://www.loc.gov/zing/srw/">
  <leader>00593cz  a2200157n  4500</leader>
  <controlfield tag="001">n  81029920 </controlfield>
  <controlfield tag="003">DLC</controlfield>
  <controlfield tag="005">19911011093315.4</controlfield>
  <controlfield tag="008">810605n| acannaab|          |a anc |||  </controlfield>
  <datafield tag="010" ind1=" " ind2=" ">
    <subfield code="a">n  81029920 </subfield>
  </datafield>
  <datafield tag="040" ind1=" " ind2=" ">
    <subfield code="a">DLC</subfield>
    <subfield code="c">DLC</subfield>
    <subfield code="d">DLC</subfield>
  </datafield>
  <datafield tag="110" ind1="2" ind2="0">
    <subfield code="a">Institut kraevoĭ patologii (Qazaq SSR ghylym Akademii︠a︡sy)</subfield>
  </datafield>
  <datafield tag="410" ind1="2" ind2="0">
    <subfield code="w">nnaa</subfield>
    <subfield code="a">Akademii︠a︡ nauk Kazakhskoĭ SSR, Alma-Ata.</subfield>
    <subfield code="b">Institut kraevoĭ patologii</subfield>
  </datafield>
  <datafield tag="410" ind1="2" ind2="0">
    <subfield code="a">Qazaq SSR ghylym Akademii︠a︡sy.</subfield>
    <subfield code="b">Institut kraevoĭ patologii</subfield>
  </datafield>
  <datafield tag="510" ind1="2" ind2="0">
    <subfield code="w">b</subfield>
    <subfield code="a">Kazakhskiĭ institut kraevoĭ patologii</subfield>
  </datafield>
  <datafield tag="670" ind1=" " ind2=" ">
    <subfield code="a">Beklemishev, N. D. Brut︠s︡ellez, 1955.</subfield>
  </datafield>
</record>